@inproceedings{Vaidya2013Differentially,
  title={Differentially Private Naive Bayes Classification},
  author={Vaidya, Jaideep and Shafiq, Basit and Basu, Anirban and Hong, Yuan},
  booktitle={Ieee/wic/acm International Joint Conferences on Web Intelligence},
  pages={571-576},
  year={2013},
}
@inproceedings{two,
  title={Bayesian Inference Via Partitioning Under Differential Privacy},
  author={Amitai, Gilad},
  howpublished={\url{https://hdl.handle.net/10161/17061}},
  year={2018},
}
@article{Ald2015The,
  title={The Bernstein Mechanism: Function Release under Differential Privacy},
  author={Aldà, Francesco and Rubinstein, Benjamin I. P.},
  journal={Computer Science},
  year={2015},
}
@article{Zhang2015On,
  title={On the differential privacy of Bayesian inference},
  author={Zhang, Zuhe and Rubinstein, Benjamin I. P. and Dimitrakakis, Christos},
  pages={2365-2371},
  year={2015},
}








@article{Wu2015Revisiting,
  title={Revisiting Differentially Private Regression: Lessons From Learning Theory and their Consequences},
  author={Wu, Xi and Fredrikson, Matthew and Wu, Wentao and Jha, Somesh and Naughton, Jeffrey F.},
  journal={Computer Science},
  year={2015},
}
@article{Zhang2012Functional,
  title={Functional mechanism: regression analysis under differential privacy},
  author={Zhang, Zhenjie and Zhang, Zhenjie and Yang, Yin and Yang, Yin and Winslett, Marianne},
  journal={Proceedings of the Vldb Endowment},
  volume={5},
  number={11},
  pages={1364-1375},
  year={2012},
}
@article{Wang2016Based,
  title={Based on Differential Privacy of Linear Regression Analysis},
  author={Wang, Bao Nan and Fang, Xian Jing and Computer, Department Of},
  journal={Computer Knowledge \& Technology},
  year={2016},
}
@article{Upadhyay2017Differentially,
  title={Differentially Private Linear Algebra in the Streaming Model},
  author={Upadhyay, Jalaj},
  journal={Eprint Arxiv},
  year={2017},
}
@inproceedings{Yan2017Differentially,
  title={Differentially Private Regression Diagnostics},
  author={Yan, Chen and Machanavajjhala, Ashwin and Reiter, Jerome P. and Barrientos, Andrés F.},
  booktitle={IEEE  International Conference on Data Mining},
  pages={81-90},
  year={2017},
}








@article{Rubinstein2009Learning,
  title={Learning in a Large Function Space: Privacy-Preserving Mechanisms for SVM Learning},
  author={Rubinstein, Benjamin I. P. and Bartlett, Peter L. and Ling, Huang and Taft, Nina},
  journal={Eprint Arxiv},
  volume={4},
  number={1},
  year={2009},
}
@inproceedings{Zhang2013PrivGene,
  title={PrivGene:differentially private model fitting using genetic algorithms},
  author={Zhang, Jun and Xiao, Xiaokui and Yang, Yin and Zhang, Zhenjie and Winslett, Marianne},
  booktitle={ACM SIGMOD International Conference on Management of Data},
  pages={665-676},
  year={2013},
}
@article{Bassily2014Differentially,
  title={Differentially Private Empirical Risk Minimization: Efficient Algorithms and Tight Error Bounds},
  author={Bassily, Raef and Thakurta, Abhradeep},
  journal={Computer Science},
  pages={464-473},
  year={2014},
}






@article{Kifer2013Private,
  title={Private convex empirical risk minimization and high-dimensional regression},
  author={Kifer, D. and Smith, A. and Thakurta, A.},
  journal={Journal of Machine Learning Research},
  volume={1},
  year={2013},
}
@inproceedings{Chaudhuri2013A,
  title={A stability-based validation procedure for differentially private machine learning},
  author={Chaudhuri, Kamalika and Vinterbo, Staal},
  booktitle={International Conference on Neural Information Processing Systems},
  pages={2652-2660},
  year={2013},
}
@article{Yu2014Differentially,
  title={Differentially-Private Logistic Regression for Detecting Multiple-SNP Association in GWAS Databases},
  author={Yu, Fei and Rybar, Michal and Uhler, Caroline and Fienberg, Stephen E.},
  volume={8744},
  pages={170-184},
  year={2014},
}











@article{Li2014Privacy,
  title={Privacy Preserving RBF Kernel Support Vector Machine},
  author={Li, H. and Xiong, L. and Ohnomachado, L. and Jiang, X.},
  journal={Biomed Res Int},
  volume={2014},
  number={1},
  pages={827371},
  year={2014},
}
@inproceedings{Jain2014Differentially,
  title={Differentially private learning with kernels},
  author={Jain, P. and Thakurta, A.},
  booktitle={International Conference on Machine Learning},
  pages={118-126},
  year={2014},
}













@book{Jagannathan2012A,
  title={A Practical Differentially Private Random Decision Tree Classifier},
  author={Jagannathan, Geetha and Pillaipakkamnatt, Krishnan and Wright, Rebecca N.},
  publisher={IIIA-CSIC},
  pages={273-295},
  year={2012},
}
@article{Bojarski2014Differentially,
  title={Differentially- and non-differentially-private random decision trees},
  author={Bojarski, Mariusz and Choromanska, Anna and Choromanski, Krzysztof and Lecun, Yann},
  journal={Eprint Arxiv},
  year={2014},
}
