@article{Ji2014Differential,
  title={Differential Privacy and Machine Learning: a Survey and Review},
  author={Ji, Zhanglong and Lipton, Zachary C and Elkan, Charles},
  journal={Eprint Arxiv},
  year={2014},
}
@book{Tschantz2009Formal,
  title={Formal Methods for Privacy},
  author={Tschantz, Michael Carl and Wing, Jeannette M.},
  publisher={Springer Berlin Heidelberg},
  pages={1-15},
  year={2009},
}
@inproceedings{Sweeney2012,
  title={$k$-anonymity: a model for protecting privacy.},
  author={Sweeney, Latanya},
  booktitle={International Symposium on Modeling and Optimization in Mobile, Ad Hoc and Wireless Networks},
  pages={54-59},
  year={2012},
}
@inproceedings{Machanavajjhala2006L,
  title={L-diversity: privacy beyond k-anonymity},
  author={Machanavajjhala, A. and Gehrke, J. and Kifer, D. and Venkitasubramaniam, M.},
  booktitle={International Conference on Data Engineering},
  pages={24-24},
  year={2006},
}

@inproceedings{Li2007t,
  title={t-Closeness: Privacy Beyond k-Anonymity and l-Diversity},
  author={Li, Ninghui and Li, Tiancheng and Venkatasubramanian, Suresh},
  booktitle={IEEE  International Conference on Data Engineering},
  pages={106-115},
  year={2007},
}
@inproceedings{Haeberlen2011Differential,
  title={Differential privacy under fire},
  author={Haeberlen, Andreas and Pierce, Benjamin C and Narayan, Arjun},
  booktitle={Usenix Conference on Security},
  pages={33-33},
  year={2011},
}
@article{De2011Lower,
  title={Lower Bounds in Differential Privacy},
  author={De, Anindya},
  volume={7194},
  pages={321-338},
  year={2011},
}
@inproceedings{Dwork2009The,
  title={The Differential Privacy Frontier (Extended Abstract)},
  author={Dwork, Cynthia},
  booktitle={Theory of Cryptography Conference},
  pages={496-502},
  year={2009},
}
@book{Dwork2006Calibrating,
  title={Calibrating Noise to Sensitivity in Private Data Analysis},
  author={Dwork, Cynthia and Mcsherry, Frank and Nissim, Kobbi},
  publisher={Springer Berlin Heidelberg},
  pages={637-648},
  year={2006},
}
@inproceedings{Mcsherry2007Mechanism,
  title={Mechanism Design via Differential Privacy},
  author={Mcsherry, Frank and Talwar, Kunal},
  booktitle={IEEE Symposium on Foundations of Computer Science},
  pages={94-103},
  year={2007},
}
@article{Nissim2007Smooth,
  title={Smooth sensitivity and sampling in private data analysis},
  author={Nissim, Kobbi and Raskhodnikova, Sofya and Smith, Adam},
  pages={75-84},
  year={2007},
}
@inproceedings{Mcsherry2009Privacy,
  title={Privacy integrated queries:an extensible platform for privacy-preserving data analysis},
  author={Mcsherry, Frank D.},
  booktitle={ACM SIGMOD International Conference on Management of Data, SIGMOD 2009, Providence, Rhode Island, Usa, June 29 - July},
  pages={19-30},
  year={2009},
}
@article{Dwork2010Boosting,
  title={Boosting and Differential Privacy},
  author={Dwork, Cynthia and Rothblum, Guy N. and Vadhan, Salil},
  journal={Foundations of Computer Science Annual Symposium on},
  volume={26},
  number={2},
  pages={51-60},
  year={2010},
}
@article{Kairouz2013The,
  title={The Composition Theorem for Differential Privacy},
  author={Kairouz, Peter and Oh, Sewoong and Viswanath, Pramod},
  journal={IEEE Transactions on Information Theory},
  volume={63},
  number={6},
  pages={4037-4049},
  year={2013},
}
@article{Fletcher2016Decision,
  title={Decision Tree Classification with Differential Privacy: A Survey},
  author={Fletcher, Sam and Islam, Md Zahidul},
  year={2016},
}
@article{Pinot2018Graph,
  title={Graph-based Clustering under Differential Privacy},
  author={Pinot, Rafael and Morvan, Anne and Yger, Florian and Gouypailler, CÃ©dric and Atif, Jamal},
  year={2018},
}
@article{Wang2017Per,
  title={Per-instance Differential Privacy and the Adaptivity of Posterior Sampling in Linear and Ridge regression},
  author={Wang, Yu Xiang},
  year={2017},
}
@article{Li2017On,
  title={On Connecting Stochastic Gradient MCMC and Differential Privacy},
  author={Li, Bai and Chen, Changyou and Liu, Hao and Carin, Lawrence},
  year={2017},
}
@article{Lecuyer2018On,
  title={On the Connection between Differential Privacy and Adversarial Robustness in Machine Learning},
  author={Lecuyer, Mathias and Atlidakis, Vaggelis and Geambasu, Roxana and Hsu, Daniel and Jana, Suman},
  year={2018},
}
@inproceedings{Dwork2009Differential,
  title={Differential privacy and robust statistics},
  author={Dwork, Cynthia and Lei, Jing},
  booktitle={ACM Symposium on Theory of Computing},
  pages={371-380},
  year={2009},
}
@article{Dziugaite2018Data,
  title={Data-dependent PAC-Bayes priors via differential privacy},
  author={Dziugaite, Gintare Karolina and Roy, Daniel M},
  year={2018},
}
@inproceedings{Shokri2015Privacy,
  title={Privacy-Preserving Deep Learning},
  author={Shokri, Reza and Shmatikov, Vitaly},
  booktitle={Allerton Conference on Communication, Control, and Computing},
  pages={1310-1321},
  year={2015},
}
@inproceedings{Vaidya2013Differentially,
  title={Differentially Private Naive Bayes Classification},
  author={Vaidya, Jaideep and Shafiq, Basit and Basu, Anirban and Hong, Yuan},
  booktitle={Ieee/wic/acm International Joint Conferences on Web Intelligence},
  pages={571-576},
  year={2013},
}
@article{Li2018Differentially,
  title={Differentially Private Naive Bayes Learning over Multiple Data Sources},
  author={Li, Tong and Li, Jin and Liu, Zheli and Li, Ping and Jia, Chunfu},
  journal={Information Sciences},
  volume={444},
  year={2018},
}
@article{Dwork2011A,
  title={A Firm Foundation for Private Data Analysis},
  author={Dwork, By Cynthia},
  journal={Communications of the Acm},
  volume={54},
  number={1},
  pages={86-95},
  year={2011},
}
@inproceedings{Barthe2016Differentially,
  title={Differentially Private Bayesian Programming},
  author={Barthe, Gilles and Farina, Gian Pietro and Gaboardi, Marco and Arias, Emilio Jesus Gallego and Gordon, Andy and Hsu, Justin and Strub, Pierre Yves},
  booktitle={ACM Sigsac Conference on Computer and Communications Security},
  pages={68-79},
  year={2016},
}
@article{Rubinstein2009Learning,
  title={Learning in a Large Function Space: Privacy-Preserving Mechanisms for SVM Learning},
  author={Rubinstein, Benjamin I. P. and Bartlett, Peter L. and Ling, Huang and Taft, Nina},
  journal={Eprint Arxiv},
  volume={4},
  number={1},
  year={2009},
}
@article{Sheffet2015Differentially,
  title={Differentially Private Ordinary Least Squares: $t$-Values, Confidence Intervals and Rejecting Null-Hypotheses},
  author={Sheffet, Or},
  journal={Computer Science},
  year={2015},
}
@article{Kenthapadi2012Privacy,
  title={Privacy via the Johnson-Lindenstrauss Transform},
  author={Kenthapadi, Krishnaram and Korolova, Aleksandra and Mironov, Ilya and Mishra, Nina},
  journal={Computer Science},
  year={2012},
}
@article{Kifer2013Private,
  title={Private convex empirical risk minimization and high-dimensional regression},
  author={Kifer, D. and Smith, A. and Thakurta, A.},
  journal={Journal of Machine Learning Research},
  volume={1},
  year={2013},
}
@inproceedings{Nissim2007Smooth,
  title={Smooth sensitivity and sampling in private data analysis},
  author={Nissim, Kobbi and Raskhodnikova, Sofya},
  booktitle={Thirty-Ninth ACM Symposium on Theory of Computing},
  pages={75-84},
  year={2007},
}
@article{Mcsherry2010Privacy,
  title={Privacy integrated queries},
  author={Mcsherry, Frank D.},
  journal={Communications of the Acm},
  volume={53},
  number={9},
  year={2010},
}
@inproceedings{Nissim2007Smooth,
  title={Smooth sensitivity and sampling in private data analysis},
  author={Nissim, Kobbi and Raskhodnikova, Sofya},
  booktitle={Thirty-Ninth ACM Symposium on Theory of Computing},
  pages={75-84},
  year={2007},
}
@inproceedings{Dwork2006Our,
  title={Our Data, Ourselves: Privacy Via Distributed Noise Generation},
  author={Dwork, Cynthia and Kenthapadi, Krishnaram and Mcsherry, Frank and Mironov, Ilya and Naor, Moni},
  booktitle={Advances in Cryptology - EUROCRYPT 2006,  International Conference on the Theory and Applications of Cryptographic Techniques, St. Petersburg, Russia, May 28 - June 1, 2006, Proceedings},
  pages={486-503},
  year={2006},
}
@inproceedings{Dwork2006Calibrating,
  title={Calibrating Noise to Sensitivity in Private Data Analysis},
  author={Dwork, Cynthia and Mcsherry, Frank and Nissim, Kobbi},
  booktitle={Conference on Theory of Cryptography},
  pages={265-284},
  year={2006},
}
@inproceedings{Mcsherry2007Mechanism,
  title={Mechanism Design via Differential Privacy},
  author={Mcsherry, Frank and Talwar, Kunal},
  booktitle={IEEE Symposium on Foundations of Computer Science},
  pages={94-103},
  year={2007},
}